@article{Jackson2008,
  title={A parameterization of shear-driven turbulence for ocean climate models},
  author={Jackson, L and Hallberg, R and Legg, S},
  journal={J. Phys. Oceanog.},
  volume={38},
  number={5},
  pages={1033--1053},
  year={2008}
}

@inproceedings{Hallberg2003,
  title={The ability of large-scale ocean models to accept parameterizations of boundary mixing, and a description of a refined bulk mixed-layer model},
  author={Hallberg, Robert},
  booktitle={Proceedings of the 2003 Aha Hulikoa Hawaiian Winter Workshop},
  pages={187--203},
  year={2003},
}

@article{Holland1999,
  title={Modeling thermodynamic ice-ocean interactions at the base of an ice shelf},
  author={Holland, David M and Jenkins, Adrian},
  journal={J. Phys. Oceanog.},
  volume={29},
  number={8},
  pages={1787--1800},
  year={1999}
}

@article{Goldberg2012a,
  title={Investigation of land ice-ocean interaction with a fully coupled ice-ocean model: 1. Model description and behavior},
  author={Goldberg, DN and Little, CM and Sergienko, OV and Gnanadesikan, A and Hallberg, R and Oppenheimer, M},
  journal={J. Geophy. Res.},
  volume={117},
  number={F2},
  year={2012},
}

@article{Goldberg2012b,
  title={Investigation of land ice-ocean interaction with a fully coupled ice-ocean model: 2. Sensitivity to external forcings},
  author={Goldberg, DN and Little, CM and Sergienko, OV and Gnanadesikan, A and Hallberg, R and Oppenheimer, M},
  journal={J. Geophy. Res.},
  volume={117},
  number={F2},
  year={2012},
}

